
@article{toth1971groundwater,
  title={Groundwater discharge: {A} common generator of diverse geologic and morphologic phenomena},
  author={Toth, Jozsef},
  journal={Hydrological Sciences Journal},
  volume={16},
  number={1},
  pages={7--24},
  year={1971},
  publisher={Taylor \& Francis}
}

@incollection{turing2009computing,
  title={Computing machinery and intelligence},
  author={Turing, Alan M},
  booktitle={Parsing the turing test},
  pages={23--65},
  year={2009},
  publisher={Springer}
}

@article{toth1999groundwater,
  title={Groundwater as a geologic agent: {An} overview of the causes, processes, and manifestations},
  author={T{\'o}th, J{\'o}zsef},
  journal={Hydrogeology Journal},
  volume={7},
  number={1},
  pages={1--14},
  year={1999},
  publisher={Springer}
}

@book{kresic2009groundwater,
  title={Groundwater hydrology of springs: {Engineering}, theory, management and sustainability},
  author={Kresic, Neven and Stevanovic, Zoran},
  year={2009},
  publisher={Butterworth-heinemann}
}

@article{zhang1996simulation,
  title={Simulation of spring discharge from a limestone aquifer in {Iowa}, {USA}},
  author={Zhang, You-Kuan and Bai, Er-Wei and Libra, Robert and Rowden, Robert and Liu, Huaibai},
  journal={Hydrogeology Journal},
  volume={4},
  number={4},
  pages={41--54},
  year={1996},
  publisher={Springer}
}

@article{lambrakis2000nonlinear,
  title={Nonlinear analysis and forecasting of a brackish karstic spring},
  author={Lambrakis, N and Andreou, Andreas S and Polydoropoulos, P and Georgopoulos, E and Bountis, T},
  journal={Water Resources Research},
  volume={36},
  number={4},
  pages={875--884},
  year={2000},
  publisher={Wiley Online Library}
}

@article{hu2008simulation,
  title={Simulation of spring flows from a karst aquifer with an artificial neural network},
  author={Hu, Caihong and Hao, Yonghong and Yeh, Tian-Chyi J and Pang, Bo and Wu, Zening},
  journal={Hydrological Processes: An International Journal},
  volume={22},
  number={5},
  pages={596--604},
  year={2008},
  publisher={Wiley Online Library}
}

@article{fiorillo2010relation,
  title={The relation between karst spring discharge and rainfall by cross-correlation analysis ({Campania, Southern Italy})},
  author={Fiorillo, Francesco and Doglioni, Angelo},
  journal={Hydrogeology Journal},
  volume={18},
  number={8},
  pages={1881--1895},
  year={2010},
  publisher={Springer}
}

@article{fan2013assembled,
  title={An assembled extreme value statistical model of karst spring discharge},
  author={Fan, Yonghui and Huo, Xueli and Hao, Yonghong and Liu, Yan and Wang, Tongke and Liu, Youcun and Yeh, Tianchyi J},
  journal={Journal of Hydrology},
  volume={504},
  pages={57--68},
  year={2013},
  publisher={Elsevier}
}

@article{diodato2014predicting,
  title={Predicting monthly spring discharges using a simple statistical model},
  author={Diodato, Nazzareno and Guerriero, Luigi and Fiorillo, Francesco and Esposito, Libera and Revellino, Paola and Grelle, Gerardo and Guadagno, Francesco Maria},
  journal={Water Resources Management},
  volume={28},
  number={4},
  pages={969--978},
  year={2014},
  publisher={Springer}
}

@article{dibike2001model,
  title={Model induction with support vector machines: {Introduction} and applications},
  author={Dibike, Yonas B and Velickov, Slavco and Solomatine, Dimitri and Abbott, Michael B},
  journal={Journal of Computing in Civil Engineering},
  volume={15},
  number={3},
  pages={208--216},
  year={2001},
  publisher={American Society of Civil Engineers}
}


@article{ahmad2010estimating,
  title={Estimating soil moisture using remote sensing data: {A} machine learning approach},
  author={Ahmad, Sajjad and Kalra, Ajay and Stephen, Haroon},
  journal={Advances in Water Resources},
  volume={33},
  number={1},
  pages={69--80},
  year={2010},
  publisher={Elsevier}
}

@article{deka2014support,
  title={Support vector machine applications in the field of hydrology: {A} review},
  author={Deka, Paresh Chandra and others},
  journal={Applied Soft Computing},
  volume={19},
  pages={372--386},
  year={2014},
  publisher={Elsevier}
}

@article{granata2016support,
  title={Support vector regression for rainfall-runoff modeling in urban drainage: {A} comparison with the {EPA’s} storm water management model},
  author={Granata, Francesco and Gargano, Rudy and De Marinis, Giovanni},
  journal={Water},
  volume={8},
  number={3},
  pages={69},
  year={2016},
  publisher={Multidisciplinary Digital Publishing Institute}
}

@article{najafzadeh2016scour,
  title={Scour prediction in long contractions using {ANFIS} and {SVM}},
  author={Najafzadeh, Mohammad and Etemad-Shahidi, Amir and Lim, Siow Yong},
  journal={Ocean Engineering},
  volume={111},
  pages={128--135},
  year={2016},
  publisher={Elsevier}
}

@article{granata2017machine,
  title={Machine learning algorithms for the forecasting of wastewater quality indicators},
  author={Granata, Francesco and Papirio, Stefano and Esposito, Giovanni and Gargano, Rudy and De Marinis, Giovanni},
  journal={Water},
  volume={9},
  number={2},
  pages={105},
  year={2017},
  publisher={Multidisciplinary Digital Publishing Institute}
}

@article{solomatine2004m5,
  title={M5 model trees and neural networks: {Application} to flood forecasting in the upper reach of the {Huai} {River} in {China}},
  author={Solomatine, Dimitri P and Xue, Yunpeng},
  journal={Journal of Hydrologic Engineering},
  volume={9},
  number={6},
  pages={491--501},
  year={2004},
  publisher={American Society of Civil Engineers}
}

@article{singh2010estimation,
  title={Estimation of mean annual flood in {Indian} catchments using backpropagation neural network and {M5} model tree},
  author={Singh, Krishna Kumar and Pal, Mahesh and Singh, VP},
  journal={Water Resources Management},
  volume={24},
  number={10},
  pages={2007--2019},
  year={2010},
  publisher={Springer}
}

@article{etemad2011model,
  title={Model tree approach for prediction of pile groups scour due to waves},
  author={Etemad-Shahidi, A and Ghaemi, N},
  journal={Ocean Engineering},
  volume={38},
  number={13},
  pages={1522--1527},
  year={2011},
  publisher={Elsevier}
}

@article{goyal2014modeling,
  title={Modeling of sediment yield prediction using {M5} model tree algorithm and wavelet regression},
  author={Goyal, Manish Kumar},
  journal={Water resources management},
  volume={28},
  number={7},
  pages={1991--2003},
  year={2014},
  publisher={Springer}
}

@article{najafzadeh2016prediction,
  title={Prediction of maximum scour depth around piers with debris accumulation using {EPR}, {MT}, and {GEP} models},
  author={Najafzadeh, Mohammad and Rezaie Balf, Mohammad and Rashedi, Esmat},
  journal={Journal of Hydroinformatics},
  volume={18},
  number={5},
  pages={867--884},
  year={2016},
  publisher={IWA Publishing}
}

@article{najafzadeh2017prediction,
  title={Prediction of local scour depth downstream of sluice gates using data-driven models},
  author={Najafzadeh, Mohammad and Tafarojnoruz, Ali and Lim, Siow Yong},
  journal={ISH Journal of Hydraulic Engineering},
  volume={23},
  number={2},
  pages={195--202},
  year={2017},
  publisher={Taylor \& Francis}
}

@article{najafzadeh2017application,
  title={Application of model tree and evolutionary polynomial regression for evaluation of sediment transport in pipes},
  author={Najafzadeh, Mohammad and Laucelli, Daniele Biagio and Zahiri, Abdolreza},
  journal={KSCE Journal of Civil Engineering},
  volume={21},
  number={5},
  pages={1956--1963},
  year={2017},
  publisher={Springer}
}

@article{zahiri2018optimized,
  title={Optimized expressions to evaluate the flow discharge in main channels and floodplains using evolutionary computing and model classification},
  author={Zahiri, Abdolreza and Najafzadeh, Mohammad},
  journal={International Journal of River Basin Management},
  volume={16},
  number={1},
  pages={123--132},
  year={2018},
  publisher={Taylor \& Francis}
}

@article{amaranto2019spatially,
  title={A spatially enhanced data-driven multimodel to improve semiseasonal groundwater forecasts in the {High Plains} aquifer, {USA}},
  author={Amaranto, Alessandro and Munoz-Arriola, Francisco and Solomatine, DP and Corzo, Gerald},
  journal={Water Resources Research},
  volume={55},
  number={7},
  pages={5941--5961},
  year={2019},
  publisher={Wiley Online Library}
}

@article{portmann2010mirca2000,
  title={{MIRCA200}---{Global} monthly irrigated and rainfed crop areas around the year 2000: {A} new high-resolution data set for agricultural and hydrological modeling},
  author={Portmann, Felix T and Siebert, Stefan and D{\"o}ll, Petra},
  journal={Global biogeochemical cycles},
  volume={24},
  number={1},
  year={2010},
  publisher={Wiley Online Library}
}

@article{iglesias2015adaptation,
  title={Adaptation strategies for agricultural water management under climate change in {Europe}},
  author={Iglesias, Ana and Garrote, Luis},
  journal={Agricultural Water Management},
  volume={155},
  pages={113--124},
  year={2015},
  publisher={Elsevier}
}

@article{wada2010global,
  title={Global depletion of groundwater resources},
  author={Wada, Yoshihide and Van Beek, Ludovicus PH and Van Kempen, Cheryl M and Reckman, Josef WTM and Vasak, Slavek and Bierkens, Marc FP},
  journal={Geophysical Research Letters},
  volume={37},
  number={20},
  year={2010},
  pages={20},
  publisher={Wiley Online Library}
}

@book{bartolino2003ground,
  title={Ground-water depletion across the nation},
  author={Bartolino, James R},
  year={2003},
  publisher={US Department of the Interior, US Geological Survey}
}


@article{nayak2006groundwater,
  title={Groundwater level forecasting in a shallow aquifer using artificial neural network approach},
  author={Nayak, Purna C and Rao, YR Satyaji and Sudheer, KP},
  journal={Water Resources Management},
  volume={20},
  number={1},
  pages={77--90},
  year={2006},
  publisher={Springer}
}

@article{dalin2017groundwater,
  title={Groundwater depletion embedded in international food trade},
  author={Dalin, Carole and Wada, Yoshihide and Kastner, Thomas and Puma, Michael J},
  journal={Nature},
  volume={543},
  number={7647},
  pages={700--704},
  year={2017},
  publisher={Nature Publishing Group}
}

@article{butler2018sustainability,
  title={Sustainability of aquifers supporting irrigated agriculture: {A} case study of the {High Plains} aquifer in {Kansas}},
  author={Butler Jr, James J and Whittemore, Donald O and Wilson, B Brownie and Bohling, Geoffrey C},
  journal={Water International},
  volume={43},
  number={6},
  pages={815--828},
  year={2018},
  publisher={Taylor \& Francis}
}

@article{galelli2010building,
  title={Building a metamodel of an irrigation district distributed--parameter model},
  author={Galelli, Stefano and Gandolfi, C and Soncini-Sessa, Rodolfo and Agostani, D},
  journal={Agricultural Water Management},
  volume={97},
  number={2},
  pages={187--200},
  year={2010},
  publisher={Elsevier}
}\textbf{}

@article{coppola2003artificial,
  title={Artificial neural network approach for predicting transient water levels in a multilayered groundwater system under variable state, pumping, and climate conditions},
  author={Coppola Jr, Emery and Szidarovszky, Ferenc and Poulton, Mary and Charles, Emmanuel},
  journal={Journal of Hydrologic Engineering},
  volume={8},
  number={6},
  pages={348--360},
  year={2003},
  publisher={American Society of Civil Engineers}
}

@article{abrahart2012two,
  title={Two decades of anarchy? {Emerging} themes and outstanding challenges for neural network river forecasting},
  author={Abrahart, Robert J and Anctil, Fran{\c{c}}ois and Coulibaly, Paulin and Dawson, Christian W and Mount, Nick J and See, Linda M and Shamseldin, Asaad Y and Solomatine, Dimitri P and Toth, Elena and Wilby, Robert L},
  journal={Progress in Physical Geography},
  volume={36},
  number={4},
  pages={480--513},
  year={2012},
  publisher={Sage Publications Sage UK: London, England}
}

@article{solomatine2003model,
  title={Model trees as an alternative to neural networks in rainfall--runoff modelling},
  author={Solomatine, Dimitri P and Dulal, Khada N},
  journal={Hydrological Sciences Journal},
  volume={48},
  number={3},
  pages={399--411},
  year={2003},
  publisher={Taylor \& Francis}
}

@article{le2016meteorological,
  title={Meteorological drought forecasting based on climate signals using artificial neural network --- {A} case study in {Khanhhoa Province Vietnam}},
  author={Le, Manh Hung and Perez, Gerald Corzo and Solomatine, Dimitri and Nguyen, Luong Bang},
  journal={Procedia Engineering},
  volume={154},
  pages={1169--1175},
  year={2016},
  publisher={Elsevier}
}

@article{sun2013predicting,
  title={Predicting groundwater level changes using {GRACE} data},
  author={Sun, Alexander Y},
  journal={Water Resources Research},
  volume={49},
  number={9},
  pages={5900--5912},
  year={2013}
}

@article{tapoglou2014spatio,
  title={A spatio--temporal hybrid neural network--{Kriging} model for groundwater level simulation},
  author={Tapoglou, Evdokia and Karatzas, George P and Trichakis, Ioannis C and Varouchakis, Emmanouil A},
  journal={Journal of Hydrology},
  volume={519},
  pages={3193--3203},
  year={2014}
}

@article{Sun2015Technical,
author = {Sun, Yabin and Wendi, Dadiyorto and Kim, Dong Eon and Liong, Shie-Yui},
year = {2015},
month = {09},
pages = {9317-9336},
title = {Technical note: {Application} of artificial neural networks in groundwater table forecasting --- {A} case study in {Singapore} swamp forest},
volume = {12},
journal = {Hydrology and Earth System Sciences Discussions},
doi = {10.5194/hessd-12-9317-2015}
}

@article{yadav2017assessing,
  title={Assessing the suitability of extreme learning machines ({ELM}) for groundwater level prediction},
  author={Yadav, Basant and Ch, Sudheer and Mathur, Shashi and Adamowski, Jan},
  journal={Journal of Water and Land Development},
  number={32},
  pages={103--112},
  year={2017}
}

@article{amaranto2018semi,
  title={Semi-seasonal groundwater forecast using multiple data-driven models in an irrigated cropland},
  author={Amaranto, Alessandro and Munoz-Arriola, Francisco and Corzo, Gerald and Solomatine, Dimitri P and Meyer, George},
  journal={Journal of Hydroinformatics},
  volume={20},
  number={6},
  pages={1227--1246},
  year={2018},
  publisher={IWA Publishing}
}

@article{sahoo2017machine,
  title={Machine learning algorithms for modeling groundwater level changes in agricultural regions of the {US}},
  author={Sahoo, S and Russo, TA and Elliott, J and Foster, I},
  journal={Water Resources Research},
  volume={53},
  number={5},
  pages={3878--3895},
  year={2017},
  publisher={Wiley Online Library}
}

@article{guzman2017use,
  title={The use of {NARX} neural networks to forecast daily groundwater levels},
  author={Guzman, Sandra M and Paz, Joel O and Tagert, Mary Love M},
  journal={Water Resources Management},
  volume={31},
  number={5},
  pages={1591--1603},
  year={2017},
  publisher={Springer}
}

@article{wunsch2018forecasting,
  title={Forecasting groundwater levels using nonlinear autoregressive networks with exogenous input ({NARX})},
  author={Wunsch, Andreas and Liesch, Tanja and Broda, Stefan},
  journal={Journal of Hydrology},
  volume={567},
  pages={743--758},
  year={2018},
  publisher={Elsevier}
}

@article{Rakhshandehroo2018Long,
author = {Rakhshandehroo, G. and Akbari, Arya and Igder, Moseyeb and Ostadzadeh, Ershad},
year = {2018},
month = {02},
pages = {},
title = {Long term groundwater level forecasting in shallow and deep wells using wavelet neural networks trained by an improved harmony search algorithm},
volume = {23},
journal = {Journal of Hydrologic Engineering},
doi = {10.1061/(ASCE)HE.1943-5584.0001591}
}

@article{cheng2021machine,
  title={Machine learning for predicting discharge fluctuation of a karst spring in {North China}},
  author={Cheng, Shu and Qiao, Xiaojuan and Shi, Yaolin and Wang, Dawei},
  journal={Acta Geophysica},
  volume={69},
  number={1},
  pages={257--270},
  year={2021},
  publisher={Springer}
}

@article{loh2011classification,
  title={Classification and regression trees},
  author={Loh, Wei-Yin},
  journal={Wiley interdisciplinary reviews: {Data} mining and knowledge discovery},
  volume={1},
  number={1},
  pages={14--23},
  year={2011},
  publisher={Wiley Online Library}
}

@article{hochreiter1997long,
  title={Long short-term memory},
  author={Hochreiter, Sepp and Schmidhuber, J{\"u}rgen},
  journal={Neural computation},
  volume={9},
  number={8},
  pages={1735--1780},
  year={1997},
  publisher={MIT Press}
}

@Book{Goodfellow2016Deep,
  title     = {Deep learning},
  publisher = {The MIT Press},
  year      = {2016},
  author    = {Goodfellow, Ian and Bengio, Yoshua and Courville, Aaron},
  series    = {Adaptive Computation and Machine Learning series},
  isbn      = {9780262337373},
}

@Article{Mitchell1997Machine,
  author  = {Mitchell, Tom M. and others},
  title   = {Machine learning},
  journal = {Burr Ridge, IL: McGraw Hill},
  year    = {1997},
  volume  = {45},
  number  = {37},
  pages   = {870--877},
}

@article{hiremath2008prediction,
  title={Prediction of solar cycle 24 and beyond},
  author={Hiremath, KM},
  journal={Astrophysics and Space Science},
  volume={314},
  number={1},
  pages={45--49},
  year={2008},
  publisher={Springer}
}

@article{podladchikova2017sunspot,
  title={Sunspot number second differences as a precursor of the following 11-year sunspot cycle},
  author={Podladchikova, Tatiana and Van der Linden, Ronald and Veronig, Astrid M},
  journal={The Astrophysical Journal},
  volume={850},
  number={1},
  pages={81},
  year={2017},
  publisher={IOP Publishing}
}

@article{bhowmik2018prediction,
  title={Prediction of the strength and timing of sunspot cycle 25 reveal decadal-scale space environmental conditions},
  author={Bhowmik, Prantika and Nandy, Dibyendu},
  journal={Nature Communications},
  volume={9},
  number={1},
  pages={1--10},
  year={2018},
  publisher={Nature Publishing Group}
}

@article{singh2019prediction,
  title={Prediction of declining solar activity trends during solar cycles 25 and 26 and indication of other solar minimum},
  author={Singh, AK and Bhargawa, Asheesh},
  journal={Astrophysics and Space Science},
  volume={364},
  number={1},
  pages={1--7},
  year={2019},
  publisher={Springer}
}

@article{pesnell2018effects,
  title={Effects of version 2 of the international sunspot number on na{\"\i}ve predictions of solar cycle 25},
  author={Pesnell, W Dean},
  journal={Space Weather},
  volume={16},
  number={12},
  pages={1997--2003},
  year={2018},
  publisher={Wiley Online Library}
}

@article{bisoi2020another,
  title={Another mini solar maximum in the offing: {A} prediction for the amplitude of solar cycle 25},
  author={Bisoi, Susanta Kumar and Janardhan, P and Ananthakrishnan, S},
  journal={Journal of Geophysical Research: Space Physics},
  volume={125},
  number={7},
  pages={e2019JA027508},
  year={2020},
  publisher={Wiley Online Library}
}

@article{fluke2020surveying,
  title={Surveying the reach and maturity of machine learning and artificial intelligence in astronomy},
  author={Fluke, Christopher J and Jacobs, Colin},
  journal={Wiley Interdisciplinary Reviews: Data Mining and Knowledge Discovery},
  volume={10},
  number={2},
  pages={e1349},
  year={2020},
  publisher={Wiley Online Library}
}

@article{charbonneau2010dynamo,
  title={Dynamo models of the solar cycle},
  author={Charbonneau, Paul},
  journal={Living Reviews in Solar Physics},
  volume={7},
  number={1},
  pages={1--91},
  year={2010},
  publisher={Springer}
}

@article{petrovay2010solar,
  title={Solar cycle prediction},
  author={Petrovay, Krist{\'o}f},
  journal={Living Reviews in Solar Physics},
  volume={7},
  number={1},
  pages={1--59},
  year={2010},
  publisher={Springer}
}

@article{solanki2011analyzing,
  title={Analyzing solar cycles},
  author={Solanki, Sami K and Krivova, Natalie A},
  journal={Science},
  volume={334},
  number={6058},
  pages={916--917},
  year={2011},
  publisher={American Association for the Advancement of Science}
}

@article{mendoza2011mid,
  title={On mid-term periodicities in sunspot groups and flare index},
  author={Mendoza, Blanca and Velasco-Herrera, V{\'\i}ctor Manuel},
  journal={Solar Physics},
  volume={271},
  number={1},
  pages={169--182},
  year={2011},
  publisher={Springer}
}

@article{herrera2015reconstruction,
  title={Reconstruction and prediction of the total solar irradiance: {From} the medieval warm period to the 21st century},
  author={Herrera, VM Velasco and Mendoza, B and Herrera, G Velasco},
  journal={New Astronomy},
  volume={34},
  pages={221--233},
  year={2015},
  publisher={Elsevier}
}

@article{gleissberg1939long,
  title={A long-periodic fluctuation of the sun-spot numbers},
  author={Gleissberg, W},
  journal={The Observatory},
  volume={62},
  pages={158--159},
  year={1939}
}

@article{camporeale2019challenge,
  title={The challenge of machine learning in space weather: {Nowcasting} and forecasting},
  author={Camporeale, Enrico},
  journal={Space Weather},
  volume={17},
  number={8},
  pages={1166--1207},
  year={2019},
  publisher={Wiley Online Library}
}

@article{kitiashvili2020application,
  title={Application of synoptic magnetograms to global solar activity forecast},
  author={Kitiashvili, Irina N},
  journal={The Astrophysical Journal},
  volume={890},
  number={1},
  pages={36},
  year={2020},
  publisher={IOP Publishing}
}

@article{mcintosh2020overlapping,
  title={Overlapping magnetic activity cycles and the sunspot number: {Forecasting} sunspot cycle 25 amplitude},
  author={McIntosh, Scott W and Chapman, Sandra and Leamon, Robert J and Egeland, Ricky and Watkins, Nicholas W},
  journal={Solar Physics},
  volume={295},
  number={12},
  pages={1--14},
  year={2020},
  publisher={Springer}
}

@article{kingma2014adam,
  title={Adam: {A} method for stochastic optimization},
  author={Kingma, Diederik P and Ba, Jimmy},
  journal={arXiv preprint arXiv:1412.6980},
  year={2014}
}

@inproceedings{novitasari2019flare,
  title={Flare identification by forecasting sunspot numbers using Fuzzy time series {Markov Chain} model},
  author={Novitasari, Dian Candra Rini and Ardhiyah, Nurul and Widodo, Nanang},
  booktitle={2019 International Seminar on Intelligent Technology and Its Applications (ISITIA)},
  pages={387--392},
  year={2019},
  organization={IEEE}
}

@article{arfianti15sunspot,
  title={Sunspot number prediction using gated recurrent unit ({GRU}) algorithm},
  author={Arfianti, Unix Izyah and Novitasari, Dian Candra Rini and Widodo, Nanang and Hafiyusholeh, Moh and Utami, Wika Dianita},
  journal={IJCCS (Indonesian Journal of Computing and Cybernetics Systems)},
  year={2021},
  volume={15},
  number={2},
  pages={141--152}
}

@book{noyes2013sun,
  title={The sun, our star},
  author={Noyes, Robert W},
  year={2013},
  publisher={Harvard University Press}
}

@article{jie2012prediction,
  title={Prediction of smoothed monthly mean sunspot number based on chaos theory},
  author={Jie, Tang and Xiong, Zhang},
  journal={Acta Physica Sinica},
  volume={61},
  number={16},
  year={2012},
  publisher={CHINESE PHYSICAL SOC PO BOX 603, BEIJING 100080, PEOPLES R CHINA}
}

@article{jiang2011sunspot,
  title={Sunspot forecasting by using chaotic time-series analysis and {NARX} network},
  author={Jiang, Chuanjin and Song, Fugen},
  journal={Journal of Computers},
  volume={6},
  number={7},
  pages={1424--1429},
  year={2011}
}

@article{arlt2015solar,
  title={Solar activity in the past and the chaotic behaviour of the dynamo},
  author={Arlt, Rainer and Weiss, Nigel},
  journal={The Solar Activity Cycle},
  pages={525--533},
  year={2014}
}

@article{pala2019forecasting,
  title={Forecasting sunspot time series using deep learning methods},
  author={Pala, Zeydin and Atici, Ramazan},
  journal={Solar Physics},
  volume={294},
  number={5},
  pages={1--14},
  year={2019},
  publisher={Springer}
}

@article{rigozo2011prediction,
  title={Prediction of sunspot number amplitude and solar cycle length for cycles 24 and 25},
  author={Rigozo, NR and Echer, MP Souza and Evangelista, H and Nordemann, DJR and Echer, E},
  journal={Journal of Atmospheric and Solar-Terrestrial Physics},
  volume={73},
  number={11-12},
  pages={1294--1299},
  year={2011},
  publisher={Elsevier}
}

@article{friedman2002stochastic,
  title={Stochastic gradient boosting},
  author={Friedman, Jerome H},
  journal={Computational Statistics \& Data Analysis},
  volume={38},
  number={4},
  pages={367--378},
  year={2002},
  publisher={Elsevier}
}

@article{li2015predicting,
  title={Predicting the maximum amplitude of solar cycle 25 and its timing},
  author={Li, KJ and Feng, W and Li, FY},
  journal={Journal of Atmospheric and Solar-Terrestrial Physics},
  volume={135},
  pages={72--76},
  year={2015},
  publisher={Elsevier}
}

@article{okoh2018hybrid,
  title={A hybrid regression-neural network ({HR-NN}) method for forecasting the solar activity},
  author={Okoh, DI and Seemala, GK and Rabiu, AB and Uwamahoro, J and Habarulema, JB and Aggarwal, M},
  journal={Space Weather},
  volume={16},
  number={9},
  pages={1424--1436},
  year={2018},
  publisher={Wiley Online Library}
}

@article{panigrahi2021forecasting,
  title={Forecasting of sunspot time series using a hybridization of {ARIMA}, {ETS} and {SVM} methods},
  author={Panigrahi, Sibarama and Pattanayak, Radha Mohan and Sethy, Prabira Kumar and Behera, Santi Kumari},
  journal={Solar Physics},
  volume={296},
  number={1},
  pages={1--19},
  year={2021},
  publisher={Springer}
}

@article{herrera2021does,
  title={Does machine learning reconstruct missing sunspots and forecast a new solar minimum?},
  author={Herrera, VM Velasco and Soon, W and Legates, DR},
  journal={Advances in Space Research},
  year={2021},
  publisher={Elsevier}
}

@article{pishkalo2008preliminary,
  title={Preliminary prediction of solar cycles 24 and 25 based on the correlation between cycle parameters},
  author={Pishkalo, MI},
  journal={Kinematics and Physics of Celestial Bodies},
  volume={24},
  number={5},
  pages={242--247},
  year={2008},
  publisher={Springer}
}

@article{ding2012prediction,
  title={Prediction of the smoothed monthly mean sunspot area based on neural network},
  author={Ding, LG and Lan, RS and Jiang, Yong and Peng, JD},
  journal={Transactions of Atmospheric Sciences},
  volume={35},
  number={4},
  pages={508--512},
  year={2012}
}

@article{morales2013earthquake,
  title={Earthquake prediction in seismogenic areas of the {Iberian Peninsula} based on computational intelligence},
  author={Morales-Esteban, A and Mart{\'\i}nez-{\'A}lvarez, F and Reyes, J},
  journal={Tectonophysics},
  volume={593},
  pages={121--134},
  year={2013},
  publisher={Elsevier}
}

@article{Panakkat2007Neural,
  title={Neural network models for earthquake magnitude prediction using multiple seismicity indicators},
  author={Panakkat, Ashif and Adeli, Hojjat},
  journal={International journal of neural systems},
  volume={17},
  number={01},
  pages={13--33},
  year={2007},
  publisher={World Scientific}
}

@article{schorlemmer2005variations,
  title={Variations in earthquake-size distribution across different stress regimes},
  author={Schorlemmer, Danijel and Wiemer, Stefan and Wyss, Max},
  journal={Nature},
  volume={437},
  number={7058},
  pages={539--542},
  year={2005},
  publisher={Nature Publishing Group}
}

@article{nan2019xinjiang,
  author={南芳芳 and 张锋 and 龚固斌 and 赖爱京 and 黄帅堂 and 冯英},
  title={新疆地区自动地震速报震级偏差分析},
  journal={地震地磁观测与研究},
  year={2019},
  volume={40},
  number={4},
  pages={45-52},
  month={1},
}

@article{reyes2013neural,
  title={Neural networks to predict earthquakes in {Chile}},
  author={Reyes, Jorge and Morales-Esteban, Antonio and Mart{\'\i}nez-{\'A}lvarez, Francisco},
  journal={Applied Soft Computing},
  volume={13},
  number={2},
  pages={1314--1328},
  year={2013},
  publisher={Elsevier}
}

@article{asencio2016sensitivity,
  title={A sensitivity study of seismicity indicators in supervised learning to improve earthquake prediction},
  author={Asencio-Cort{\'e}s, Gualberto and Mart{\'\i}nez-{\'A}lvarez, Francisco and Morales-Esteban, A and Reyes, Jorge},
  journal={Knowledge-Based Systems},
  volume={101},
  pages={15--30},
  year={2016},
  publisher={Elsevier}
}

@article{martinez2013determining,
  title={Determining the best set of seismicity indicators to predict earthquakes. {Two} case studies: {Chile} and the {Iberian Peninsula}},
  author={Mart{\'\i}nez-{\'A}lvarez, Francisco and Reyes, Jorge and Morales-Esteban, A and Rubio-Escudero, Cristina},
  journal={Knowledge-Based Systems},
  volume={50},
  pages={198--210},
  year={2013},
  publisher={Elsevier}
}

@article{wyss1997cannot,
  title={Cannot earthquakes be predicted?},
  author={Wyss, Max and Aceves, Richard L and Park, Stephen K and Geller, Robert J and Jackson, David D and Kagan, Yan Y and Mulargia, Francesco},
  journal={Science},
  volume={278},
  number={5337},
  pages={487--490},
  year={1997},
  publisher={JSTOR}
}

@article{geller1997earthquakes,
  title={Earthquakes cannot be predicted},
  author={Geller, Robert J and Jackson, David D and Kagan, Yan Y and Mulargia, Francesco},
  journal={Science},
  volume={275},
  number={5306},
  pages={1616--1616},
  year={1997},
  publisher={American Association for the Advancement of Science}
}

@article{evans1997assessment,
  title={Assessment of schemes for earthquake prediction: {Editor}'s introduction},
  author={Evans, Russ},
  journal={Geophysical Journal International},
  volume={131},
  number={3},
  pages={413--420},
  year={1997},
  publisher={Blackwell Publishing Ltd Oxford, UK}
}

@article{jordan2006earthquake,
  title={Earthquake predictability, brick by brick},
  author={Jordan, Thomas H},
  journal={Seismological Research Letters},
  volume={77},
  number={1},
  pages={3--6},
  year={2006},
  publisher={Seismological Society of America}
}

@article{asim2018seismic,
  title={Seismic indicators based earthquake predictor system using genetic programming and {AdaBoost} classification},
  author={Asim, Khawaja M and Idris, Adnan and Iqbal, Talat and Mart{\'\i}nez-{\'A}lvarez, Francisco},
  journal={Soil Dynamics and Earthquake Engineering},
  volume={111},
  pages={1--7},
  year={2018},
  publisher={Elsevier}
}

@article{allen1976responsibilities,
  title={Responsibilities in earthquake prediction: {To} the seismological society of {America}, delivered in {Edmonton, Alberta, May} 12, 1976},
  author={Allen, Clarence R},
  journal={Bulletin of the Seismological Society of America},
  volume={66},
  number={6},
  pages={2069--2074},
  year={1976},
  publisher={Seismological Society of America}
}

@article{zhao2008prediction,
  title={Prediction of the smoothed monthly mean sunspot numbers by means of {RBF} (radial basic function) neural networks},
  author={Zhao, Hai-Juan and Wang, Jia-Long and Zong, Wei-Guo and Tang, Yun-Qiu and Le, Gui-Ming},
  journal={Chinese Journal of Geophysics},
  volume={51},
  number={1},
  pages={20--24},
  year={2008},
  publisher={Wiley Online Library}
}

@article{li2018hybrid,
  title={A hybrid model for forecasting sunspots time series based on variational mode decomposition and backpropagation neural network improved by firefly algorithm},
  author={Li, Guohui and Ma, Xiao and Yang, Hong},
  journal={Computational Intelligence and Neuroscience},
  volume={2018},
  year={2018},
  publisher={Hindawi}
}

@article{li2021predicting,
  title={Predicting the 25th solar cycle using deep learning methods based on sunspot area data},
  author={Li, Qiang and Wan, Miao and Zeng, Shu-Guang and Zheng, Sheng and Deng, Lin-Hua},
  journal={Research in Astronomy and Astrophysics},
  volume={21},
  number={7},
  pages={184},
  year={2021},
  publisher={IOP Publishing}
}

@article{hathaway2015solar,
  title={The solar cycle},
  author={Hathaway, David H},
  journal={Living Reviews in Solar Physics},
  volume={12},
  number={1},
  pages={4},
  year={2015},
  publisher={Springer}
}

@article{covas2019neural,
  title={Neural network forecast of the sunspot butterfly diagram},
  author={Covas, Eurico and Peixinho, Nuno and Fernandes, Jo{\~a}o},
  journal={Solar Physics},
  volume={294},
  number={3},
  pages={1--15},
  year={2019},
  publisher={Springer}
}

@article{du2020solar,
  title={The solar cycle: {Predicting} the peak of solar cycle 25},
  author={Du, ZL},
  journal={Astrophysics and Space Science},
  volume={365},
  number={6},
  pages={1--5},
  year={2020},
  publisher={Springer}
}

@article{kane2007solar,
  title={Solar cycle predictions based on extrapolation of spectral components: {An} update},
  author={Kane, RP},
  journal={Solar Physics},
  volume={246},
  number={2},
  pages={487--493},
  year={2007},
  publisher={Springer}
}

@inproceedings{dani2019prediction,
  title={Prediction of maximum amplitude of solar cycle 25 using machine learning},
  author={Dani, T and Sulistiani, S},
  booktitle={Journal of Physics: Conference Series},
  volume={1231},
  number={1},
  pages={012022},
  year={2019},
  organization={IOP Publishing}
}

@article{Asim2018Earthquake,
  author = {Asim, Khawaja and Idris, Adnan and Iqbal, Talat and Martínez-Álvarez, Francisco},
  year = {2018},
  month = {07},
  pages = {e0199004},
  title = {Earthquake prediction model using support vector regressor and hybrid neural networks},
  volume = {13},
  journal = {PLOS ONE},
  doi = {10.1371/journal.pone.0199004}
}

@article{Last2016Predicting,
author = {Last, Mark and Rabinowitz, Nitzan and Leonard, Gideon},
year = {2016},
month = {01},
pages = {e0146101},
title = {Predicting the maximum earthquake magnitude from seismic data in {Israel} and its neighboring countries},
volume = {11},
journal = {PLOS ONE},
doi = {10.1371/journal.pone.0146101}
}

@article{asim2017earthquake,
  title={Earthquake magnitude prediction in {Hindukush} region using machine learning techniques},
  author={Asim, KM and Mart{\'\i}nez-{\'A}lvarez, F and Basit, A and Iqbal, T},
  journal={Natural Hazards},
  volume={85},
  number={1},
  pages={471--486},
  year={2017},
  publisher={Springer}
}

@article{Gutenberg1994Frequency,
author = {Gutenberg, B. and Richter, C.F.},
year = {1994},
month = {01},
pages = {185-188},
title = {Frequency of earthquakes in {California}},
volume = {34},
journal = {Bulletin of the Seismological Society of America}
}

@article{Zhang2002An,
author = {Zhang, Guo-Min and Liu, Jie and Shi, Yaolin},
year = {2002},
month = {09},
pages = {550-558},
title = {An scientific evaluation of annual earthquake prediction ability},
volume = {15},
journal = {Acta Seismologica Sinica},
doi = {10.1007/s11589-002-0024-z}
}

@incollection{Pulinets2018What,
author = {Pulinets, Sergey and Ouzounov, Dimitar},
title = {What is the meaning of a short-term earthquake forecast?},
booktitle = {The possibility of earthquake forecasting},
publisher = {IOP Publishing},
year = {2018},
series = {2053-2563},
type = {Book Chapter},
pages = {1-1 to 1-16},
url = {http://dx.doi.org/10.1088/978-0-7503-1248-6ch1},
doi = {10.1088/978-0-7503-1248-6ch1},
isbn = {978-0-7503-1248-6}
}

@article{fan2021statistical,
  title={Statistical physics approaches to the complex earth system},
  author={Fan, Jingfang and Meng, Jun and Ludescher, Josef and Chen, Xiaosong and Ashkenazy, Yosef and Kurths, J{\"u}rgen and Havlin, Shlomo and Schellnhuber, Hans Joachim},
  journal={Physics Reports},
  volume={896},
  pages={1--84},
  year={2021},
  publisher={Elsevier}
}

@article{al2020application,
  title={Application of artificial intelligence in predicting earthquakes: {State}-of-the-art and future challenges},
  author={Al Banna, Md Hasan and Taher, Kazi Abu and Kaiser, M Shamim and Mahmud, Mufti and Rahman, Md Sazzadur and Hosen, ASM Sanwar and Cho, Gi Hwan},
  journal={IEEE Access},
  volume={8},
  pages={192880--192923},
  year={2020},
  publisher={IEEE}
}

@article{Ben2002Accelerated,
author = {Ben-Zion, Yehuda and Lyakhovsky, Vladimir},
year = {2002},
month = {08},
pages = {2385-2412},
title = {Accelerated seismic release and related aspects of seismicity patterns on earthquake faults},
volume = {159},
isbn = {978-3-7643-6916-3},
journal = {Pure Appl. Geophys.},
doi = {10.1007/s00024-002-8740-9}
}

@article{Sobolev2007On,
author = {Sobolev, Gennady},
year = {2007},
month = {06},
pages = {198-211},
title = {On applicability of the {RTL} prognostic algorithms and energy estimation to {Sakhalin} seismicity},
volume = {1},
journal = {Journal of Volcanology and Seismology},
doi = {10.1134/S0742046307030050}
}

@article{Ogata1986Statistical,
author = {Ogata, Y.},
year = {1986},
month = {01},
pages = {228-281},
title = {Statistical models for earthquake occurrences and residual analysis for point processes},
volume = {1},
journal = {Mathematical Seismology}
}

@article{Alves2006Earthquake,
author = {Alves, Eduardo},
year = {2006},
month = {06},
pages = {341-349},
title = {Earthquake forecasting using neural networks: {Results} and future work},
volume = {44},
journal = {Nonlinear Dynamics}
}

@article{Madahizadeh2009Prediction,
author = {Madahizadeh, Rohollah and Allamehzadeh, Mostafa},
year = {2009},
month = {01},
pages = {},
title = {Prediction of aftershocks distribution using artificial neural networks and its application on the {May} 12, 2008 {Sichuan} earthquake},
volume = {11},
journal = {Journal of Seismology and Earthquake Engineering}
}

@article{Sunkara2009Model,
author = {Sunkara, Sri and Tiwari, R.K.},
year = {2009},
month = {02},
pages = {191-204},
title = {Model dissection from earthquake time series: {A} comparative analysis using modern non-linear forecasting and artificial neural network approaches},
volume = {35},
journal = {Computers \& Geosciences},
doi = {10.1016/j.cageo.2007.11.011}
}

@article{zhong2010prediction,
  title={Prediction of reservoir-induced earthquake based on fuzzy theory},
  author={Zhong, Ming and Zhang, Qiuwen},
  journal={Proc. ISNNS},
  pages={101--104},
  year={2010},
  publisher={Citeseer}
}

@article{zamani2013application,
  title={Application of neural network and {ANFIS} model for earthquake occurrence in {Iran}},
  author={Zamani, Ahmad and Sorbi, Mohammad Reza and Safavi, Ali Akbar},
  journal={Earth Science Informatics},
  volume={6},
  number={2},
  pages={71--85},
  year={2013},
  publisher={Springer}
}

@article{mirrashid2014earthquake,
  title={Earthquake magnitude prediction by adaptive neuro-fuzzy inference system ({ANFIS}) based on fuzzy {C}-means algorithm},
  author={Mirrashid, Masoomeh},
  journal={Natural hazards},
  volume={74},
  number={3},
  pages={1577--1593},
  year={2014},
  publisher={Springer}
}

@article{Lopez2019Evolutionary,
author = {López, Samuel and Márquez, Antonio and Hernández, Francisco Alfredo},
year = {2019},
month = {06},
pages = {1-12},
title = {Evolutionary design of linguistic fuzzy regression systems with adaptive defuzzification in big data environments},
volume = {11},
journal = {Cognitive Computation},
doi = {10.1007/s12559-019-09632-4}
}

@article{asencio2017temporal,
  title={Temporal analysis of {Croatian} seismogenic zones to improve earthquake magnitude prediction},
  author={Asencio--Cort{\'e}s, Gualberto and Scitovski, Sanja and Scitovski, Rudolf and Mart{\'\i}nez--{\'A}lvarez, Francisco},
  journal={Earth Science Informatics},
  volume={10},
  number={3},
  pages={303--320},
  year={2017},
  publisher={Springer}
}

@article{Alexandridis2014Large,
author={Alexandridis, Alex and Chondrodima, Eva and Efthimiou, Evangelos and Papadakis, Giorgos and Vallianatos, Filippos and Triantis, Dimos},
title={Large earthquake occurrence estimation based on radial basis function neural networks},
journal={IEEE Transactions on Geoscience and Remote Sensing}, 
year={2014},
volume={52},
number={9},
pages={5443-5453}
}

@article{Adeli2009A,
title = {A probabilistic neural network for earthquake magnitude prediction},
author = {Adeli, Hojjat and Panakkat, Ashif},
year = {2009},
volume = {22},
number = {7},
pages = {1018-1024},
journal = {Neural Networks}
}

@article{Narayanakumar2016A,
author = {Narayanakumar, S. and Raja, K.},
year = {2016},
month = {01},
pages = {3456-3468},
title = {A {BP} artificial neural network model for earthquake magnitude prediction in {Himalayas}, {India}},
volume = {07},
journal = {Circuits and Systems},
doi = {10.4236/cs.2016.711294}
}

@article{shodiq2018neural,
  title={Neural network for earthquake prediction based on automatic clustering in {Indonesia}},
  author={Shodiq, Mohammad Nur and Kusuma, Dedy Hidayat and Rifqi, Mirza Ghulam and Barakbah, Ali Ridho and Harsono, Tri},
  journal={JOIV: International Journal on Informatics Visualization},
  volume={2},
  number={1},
  pages={37--43},
  year={2018}
}

@article{Panakkat2009Recurrent,
author = {Panakkat, Ashif and Adeli, Hojjat},
year = {2009},
month = {05},
pages = {280-292},
title = {Recurrent neural network for approximate earthquake time and location prediction using multiple seismicity indicators},
volume = {24},
journal = {Computer-Aided Civil and Infrastructure Engineering},
doi = {10.1111/j.1467-8667.2009.00595.x}
}

@article{Wang2017Earthquake,
author = {Wang, Qianlong and Guo, Yifan and Yu, Lixing and Li, Pan},
year = {2017},
month = {04},
pages = {1-1},
title = {Earthquake prediction based on spatio-temporal data mining: {An} {LSTM} network approach},
volume = {PP},
journal = {IEEE Transactions on Emerging Topics in Computing},
doi = {10.1109/TETC.2017.2699169}
}

@article{Bhatia2018EARTHQUAKE,
author = {Bhatia, A. and Pasari, Sumanta and Mehta, A.},
year = {2018},
month = {11},
pages = {823-827},
title = {Earthquake forecasting using artificial neural networks},
volume = {XLII-5},
journal = {ISPRS - International Archives of the Photogrammetry, Remote Sensing and Spatial Information Sciences},
doi = {10.5194/isprs-archives-XLII-5-823-2018}
}

@inproceedings{berhich2020lstm,
  title={{LSTM}-based models for earthquake prediction},
  author={Berhich, Asmae and Belouadha, Fatima-Zahra and Kabbaj, Mohammed Issam},
  booktitle={Proceedings of the 3rd International Conference on Networking, Information Systems \& Security},
  pages={1--7},
  year={2020}
}

@article{huang2018large,
  title={Large earthquake magnitude prediction in {Taiwan} based on deep learning neural network},
  author={Huang, JP and Wang, XA and Zhao, Y and Xin, C and Xiang, H},
  journal={Neural Network World},
  volume={28},
  number={2},
  pages={149--160},
  year={2018},
  publisher={Czech Technical University in Prague, Faculty of Transportation Sciences}
}

@phdthesis{bougher2016machine,
  title={Machine learning applications to geophysical data analysis},
  author={Bougher, Benjamin Bryan},
  year={2016},
  school={University of British Columbia}
}

@article{reitsma2010geoscience,
  title={Geoscience explanations: {Identifying} what is needed for generating scientific narratives from data models},
  author={Reitsma, Femke},
  journal={Environmental Modelling \& Software},
  volume={25},
  number={1},
  pages={93--99},
  year={2010},
  publisher={Elsevier}
}

@article{feyyad1996data,
  title={Data mining and knowledge discovery: {Making} sense out of data},
  author={Feyyad, UM},
  journal={IEEE expert},
  volume={11},
  number={5},
  pages={20--25},
  year={1996},
  publisher={IEEE}
}

@book{howe1993predicting,
  title={Predicting the future},
  author={Howe, Leo and Wain, Alan},
  year={1993},
  publisher={Cambridge University Press}
}

@article{gomez2015multimodal,
  title={Multimodal classification of remote sensing images: {A} review and future directions},
  author={G{\'o}mez-Chova, Luis and Tuia, Devis and Moser, Gabriele and Camps-Valls, Gustau},
  journal={Proceedings of the IEEE},
  volume={103},
  number={9},
  pages={1560--1584},
  year={2015},
  publisher={IEEE}
}

@article{camps2013advances,
  title={Advances in hyperspectral image classification: {Earth} monitoring with statistical learning methods},
  author={Camps-Valls, Gustavo and Tuia, Devis and Bruzzone, Lorenzo and Benediktsson, Jon Atli},
  journal={IEEE Signal Processing Magazine},
  volume={31},
  number={1},
  pages={45--54},
  year={2013},
  publisher={IEEE}
}

@article{gislason2006random,
  title={Random forests for land cover classification},
  author={Gislason, Pall Oskar and Benediktsson, Jon Atli and Sveinsson, Johannes R},
  journal={Pattern recognition letters},
  volume={27},
  number={4},
  pages={294--300},
  year={2006},
  publisher={Elsevier}
}

@article{muhlbauer2014climatology,
  title={Climatology of stratocumulus cloud morphologies: {Microphysical} properties and radiative effects},
  author={Muhlbauer, Andreas and McCoy, Isabel L and Wood, Robert},
  journal={Atmospheric Chemistry and Physics},
  volume={14},
  number={13},
  pages={6695--6716},
  year={2014},
  publisher={Copernicus GmbH}
}

@article{caldwell2014statistical,
  title={Statistical significance of climate sensitivity predictors obtained by data mining},
  author={Caldwell, Peter M and Bretherton, Christopher S and Zelinka, Mark D and Klein, Stephen A and Santer, Benjamin D and Sanderson, Benjamin M},
  journal={Geophysical Research Letters},
  volume={41},
  number={5},
  pages={1803--1808},
  year={2014},
  publisher={Wiley Online Library}
}

@article{reichstein2008soil,
  title={Soil respiration across scales: {The} importance of a model--data integration framework for data interpretation},
  author={Reichstein, Markus and Beer, Christian},
  journal={Journal of Plant Nutrition and Soil Science},
  volume={171},
  number={3},
  pages={344--354},
  year={2008},
  publisher={Wiley Online Library}
}

@article{wright1921correlation,
  title={Correlation and causation},
  author={Wright, Sewall},
  year={1921},
  journal={Journal of Agricultural Research},
  pages={557--585},
}

@article{lee1990neural,
  title={A neural network approach to cloud classification},
  author={Lee, Jonathan and Weger, Ronald C and Sengupta, Sailes K and Welch, Ronald M},
  journal={IEEE Transactions on Geoscience and Remote Sensing},
  volume={28},
  number={5},
  pages={846--855},
  year={1990},
  publisher={IEEE}
}

@article{perol2018convolutional,
  title={Convolutional neural network for earthquake detection and location},
  author={Perol, Thibaut and Gharbi, Micha{\"e}l and Denolle, Marine},
  journal={Science Advances},
  volume={4},
  number={2},
  pages={e1700578},
  year={2018},
  publisher={American Association for the Advancement of Science}
}

@article{devries2018deep,
  title={Deep learning of aftershock patterns following large earthquakes},
  author={DeVries, Phoebe MR and Vi{\'e}gas, Fernanda and Wattenberg, Martin and Meade, Brendan J},
  journal={Nature},
  volume={560},
  number={7720},
  pages={632--634},
  year={2018},
  publisher={Nature Publishing Group}
}

@article{rouet2017machine,
  title={Machine learning predicts laboratory earthquakes},
  author={Rouet-Leduc, Bertrand and Hulbert, Claudia and Lubbers, Nicholas and Barros, Kipton and Humphreys, Colin J and Johnson, Paul A},
  journal={Geophysical Research Letters},
  volume={44},
  number={18},
  pages={9276--9282},
  year={2017},
  publisher={Wiley Online Library}
}

@article{mathieu2015deep,
  title={Deep multi-scale video prediction beyond mean square error},
  author={Mathieu, Michael and Couprie, Camille and LeCun, Yann},
  journal={arXiv preprint arXiv:1511.05440},
  year={2015}
}

@article{oh2015action,
  title={Action-conditional video prediction using deep networks in {Atari} games},
  author={Oh, Junhyuk and Guo, Xiaoxiao and Lee, Honglak and Lewis, Richard and Singh, Satinder},
  journal={arXiv preprint arXiv:1507.08750},
  year={2015}
}

@article{friedlingstein2014uncertainties,
  title={Uncertainties in {CMIP5} climate projections due to carbon cycle feedbacks},
  author={Friedlingstein, Pierre and Meinshausen, Malte and Arora, Vivek K and Jones, Chris D and Anav, Alessandro and Liddicoat, Spencer K and Knutti, Reto},
  journal={Journal of Climate},
  volume={27},
  number={2},
  pages={511--526},
  year={2014}
}

@article{montavon2018methods,
  title={Methods for interpreting and understanding deep neural networks},
  author={Montavon, Gr{\'e}goire and Samek, Wojciech and M{\"u}ller, Klaus-Robert},
  journal={Digital Signal Processing},
  volume={73},
  pages={1--15},
  year={2018},
  publisher={Elsevier}
}

@article{runge2015identifying,
  title={Identifying causal gateways and mediators in complex spatio-temporal systems},
  author={Runge, Jakob and Petoukhov, Vladimir and Donges, Jonathan F and Hlinka, Jaroslav and Jajcay, Nikola and Vejmelka, Martin and Hartman, David and Marwan, Norbert and Palu{\v{s}}, Milan and Kurths, J{\"u}rgen},
  journal={Nature Communications},
  volume={6},
  number={1},
  pages={1--10},
  year={2015},
  publisher={Nature Publishing Group}
}

@article{reichstein2019deep,
  title={Deep learning and process understanding for data-driven Earth system science},
  author={Reichstein, Markus and Camps-Valls, Gustau and Stevens, Bjorn and Jung, Martin and Denzler, Joachim and Carvalhais, Nuno and others},
  journal={Nature},
  volume={566},
  number={7743},
  pages={195--204},
  year={2019},
  publisher={Nature Publishing Group}
}

@article{ghahramani2015probabilistic,
  title={Probabilistic machine learning and artificial intelligence},
  author={Ghahramani, Zoubin},
  journal={Nature},
  volume={521},
  number={7553},
  pages={452--459},
  year={2015},
  publisher={Nature Publishing Group}
}

@article{goodfellow2014generative,
  title={Generative adversarial nets},
  author={Goodfellow, Ian and Pouget-Abadie, Jean and Mirza, Mehdi and Xu, Bing and Warde-Farley, David and Ozair, Sherjil and Courville, Aaron and Bengio, Yoshua},
  journal={Advances in Neural Information Processing Systems},
  volume={27},
  year={2014}
}

@article{karpatne2017theory,
  title={Theory-guided data science: {A} new paradigm for scientific discovery from data},
  author={Karpatne, Anuj and Atluri, Gowtham and Faghmous, James H and Steinbach, Michael and Banerjee, Arindam and Ganguly, Auroop and Shekhar, Shashi and Samatova, Nagiza and Kumar, Vipin},
  journal={IEEE Transactions on Knowledge and Data Engineering},
  volume={29},
  number={10},
  pages={2318--2331},
  year={2017},
  publisher={IEEE}
}

@article{camps2018physics,
  title={Physics-aware {Gaussian} processes in remote sensing},
  author={Camps-Valls, Gustau and Martino, Luca and Svendsen, Daniel H and Campos-Taberner, Manuel and Mu{\~n}oz-Mar{\'\i}, Jordi and Laparra, Valero and Luengo, David and Garc{\'\i}a-Haro, Francisco Javier},
  journal={Applied Soft Computing},
  volume={68},
  pages={69--82},
  year={2018},
  publisher={Elsevier}
}

@article{karpatne2017physics,
  title={Physics-guided neural networks ({PGNN}): {An} application in lake temperature modeling},
  author={Karpatne, Anuj and Watkins, William and Read, Jordan and Kumar, Vipin},
  journal={arXiv preprint arXiv:1710.11431},
  year={2017}
}


